 @misc{ibm,
  title        = {What is geospatial data?},
  url          = {https://www.ibm.com/topics/geospatial-data},
  howpublished = {IBM},
  author       = {{IBM}}
}
 @misc{natgeo_2017,
  title        = {Geocaching},
  url          = {https://www.nationalgeographic.org/encyclopedia/geocaching/},
  howpublished = {Resource Library},
  author       = {{National Geographic Society}},
  year         = {2011},
  month        = {Jan}
}
 @misc{tadesse_2017,
  title        = {Mapbox helps power Snap Map},
  url          = {https://blog.mapbox.com/mapbox-helps-power-snap-map-4ced4fb3176a},
  howpublished = {Mapbox Blog},
  author       = {Bersabel Tadesse},
  year         = {2017},
  month        = {Jul}
}

@misc{twitter_2022,
  title  = {New user FAQ},
  url    = {https://help.twitter.com/en/resources/new-user-faq},
  author = {{Twitter, Inc.}},
  year   = {2022}
}

 @misc{umaine_2021,
  title        = {Social Media Statistics Details},
  url          = {https://umaine.edu/undiscoveredmaine/small-business/resources/marketing-for-small-business/social-media-tools/social-media-statistics-details/},
  howpublished = {Undiscovered Maine},
  author       = {{The University of Maine}},
  year         = {2021},
  month        = {Sep}
}

 @misc{yikyak_2015,
  title  = {Legal},
  url    = {https://web.archive.org/web/20150714161653/http:/www.yikyakapp.com/legal/},
  author = {{Yik Yak, Inc.}},
  year   = {2015},
  month  = {Jul},
  note   = {Archived from the original.}
} 